<?xml version="1.0" encoding="UTF-8"?><collection xmlns="http://www.loc.gov/MARC21/slim"><record><leader>00419nam--2200121-i-4500</leader><controlfield tag="001">000005268</controlfield><controlfield tag="002">20161230</controlfield><controlfield tag="005">20161230201026</controlfield><controlfield tag="008">060222s1000------------r-----000-0-eng-d</controlfield><datafield ind1=" " ind2=" " tag="245"><subfield code="a">Anwendung radioaktiver isotope in der zerstoru ngsfreien werkstoffprufung</subfield></datafield><datafield ind1=" " ind2=" " tag="260"><subfield code="a">Magdeburg, Kammer Der Technik, 1960 Paginatie Diferita</subfield></datafield><datafield ind1=" " ind2=" " tag="490"><subfield code="a">Sonderdrruck Aus Der Zeitschrift  Die Tchnnik  13 Jahrgang, Heft 5/1958</subfield></datafield><datafield ind1=" " ind2=" " tag="852"><subfield code="a">6589</subfield></datafield></record></collection>